<?xml version="1.0" encoding="UTF-8"?><collection xmlns="http://www.loc.gov/MARC21/slim"><record><leader>00532nam--2200181-i-4500</leader><controlfield tag="001">000024305</controlfield><controlfield tag="002">20161230</controlfield><controlfield tag="005">20161230201035</controlfield><controlfield tag="008">060222s1000------------r-----000-0-eng-d</controlfield><datafield ind1=" " ind2=" " tag="040"><subfield code="a">IFIN-HH</subfield></datafield><datafield ind1=" " ind2=" " tag="080"><subfield code="a">621.039.61:535-1(082.1)</subfield></datafield><datafield ind1="1" ind2=" " tag="100"><subfield code="a">Button, Kenneth J</subfield></datafield><datafield ind1="1" ind2="0" tag="245"><subfield code="a">Infrared and millimeter waves</subfield><subfield code="c">Kenneth J. Button (Ed.)</subfield></datafield><datafield ind1=" " ind2=" " tag="260"><subfield code="a">New York, Academic Press,</subfield></datafield><datafield ind1=" " ind2=" " tag="300"><subfield code="a">6 volume</subfield></datafield><datafield ind1=" " ind2=" " tag="787"><subfield code="a">Vol. 7. Coherent Sources and Applications, Part II</subfield><subfield code="d">1983</subfield><subfield code="h">591 p</subfield></datafield><datafield ind1=" " ind2=" " tag="852"><subfield code="a">47979</subfield><subfield code="c">533.9</subfield></datafield><datafield ind1=" " ind2=" " tag="CAT"><subfield code="a">Sys</subfield><subfield code="c">20100929</subfield><subfield code="h">115841</subfield></datafield></record></collection>